% =======================
% Article and Books
% =======================
@article{LENGYEL-1991,
doi	= {10.1126/science.251.4994.650},
title	= {Modeling of Turing Structures in the Chlorite--Iodide--Malonic Acid--Starch Reaction System},
author	= {LENGYEL, I.; EPSTEIN, I. R.},
publisher	= {American Association for the Advancement of Science},
journal	= {Science},
issnp	= {0036-8075},
issne	= {1095-9203},
year	= {1991},
month	= {02},
day	= {08},
volume	= {251},
issue	= {4994},
page	= {650--652},
url =       {http://gen.lib.rus.ec/scimag/index.php?s=10.1126/science.251.4994.650},
}
@article{Kondo-2010,
doi	= {10.1126/science.1179047},
title	= {Reaction-Diffusion Model as a Framework for Understanding Biological Pattern Formation},
author	= {Kondo, S.; Miura, T.},
publisher	= {American Association for the Advancement of Science},
journal	= {Science},
issnp	= {0036-8075},
issne	= {1095-9203},
year	= {2010},
month	= {09},
day	= {24},
volume	= {329},
issue	= {5999},
page	= {1616--1620},
url =       {http://gen.lib.rus.ec/scimag/index.php?s=10.1126/science.1179047},
}
@article{Turing-1952,
doi	= {10.1098/rstb.1952.0012},
title	= {The Chemical Basis of Morphogenesis},
author	= {Turing, A. M.},
publisher	= {The Royal Society},
journal	= {Philosophical Transactions Biological Sciences},
issnp	= {0962-8436},
issne	= {1471-2970},
year	= {1952},
volume	= {237},
issue	= {641},
page	= {37--72},
url =       {http://gen.lib.rus.ec/scimag/index.php?s=10.1098/rstb.1952.0012},
}
@article{DOUGLAS,
doi	= {10.2307/1993056},
title	= {On the Numerical Solution of Heat Conduction Problems in Two and Three Space Variables},
author	= {Jim Douglas, Jr. and H. H. Rachford, Jr.},
publisher	= {American Mathematical Society},
journal	= {Transactions of the American Mathematical Society},
issnp	= {0002-9947},
issne	= {1088-6850},
year	= {1956},
month	= {07},
volume	= {82},
issue	= {2},
page	= {421--439},
url =       {http://gen.lib.rus.ec/scimag/index.php?s=10.2307/1993056},
}
@book{book:221080,
   title =     {Reaction diffusion and solid state chemical kinetics},
   author =    {Dybkov V},
   publisher = {IPMS Publications},
   isbn =      {9660225458,9660225431},
   year =      {2010},
   series =    {},
   edition =   {},
   volume =    {},
   url =       {http://gen.lib.rus.ec/book/index.php?md5=B709C6A513A0F16012044F5D0E98A21F}}
@book{book:15587,
   title =     {Self-Organization In Non-Equilibrium Systems},
   author =    {G. Nicolis, Ilya Prigogine},
   publisher = {John Wiley \& Sons},
   isbn =      {9780471024019,0471024015},
   year =      {1977},
   series =    {},
   edition =   {First Edition},
   volume =    {},
   url =       {http://gen.lib.rus.ec/book/index.php?md5=061AE112831E0910B2967F45363B499F}}
@book{book:908421,
   title =     {Numerical methods for experimental mechanics},
   author =    {D  G Berghaus},
   publisher = {Kluwer Academic Publishers},
   isbn =      {0792374037,9780792374039},
   year =      {2001},
   series =    {},
   edition =   {},
   volume =    {},
   url =       {http://gen.lib.rus.ec/book/index.php?md5=5F7D56F2CF51D7CF43A308F76217ACF4}}
   
@book{book:58031,
   title =     {Numerical Heat Transfer and Fluid Flow},
   author =    {Suhas Patankar},
   publisher = {Taylor \& Francis},
   isbn =      {9780891165224,0891165223},
   year =      {1980},
   series =    {Hemisphere Series on Computational Methods in Mechanics and Thermal Science},
   edition =   {1},
   volume =    {},
   url =       {http://gen.lib.rus.ec/book/index.php?md5=93BA07992007DB273755D0FBB50AD653}}
@BOOK{Murray,
	title = {{M}athematical {B}iology},
	publisher = {Springer-Verlag},
	author = {J.D. Murray},
	year = {1989},
	edition = {1$^{st}$},
}
@manual{manual,
  title        = {Transmissão de Calor - Análise Discreta},
  author       = {Prof. Gustavo Anjos}, 
  organization = {PPG-EM (UERJ)},
  year         = {2017},
}

@article{J-2003,
doi	= {10.1016/s0022-460x(02)01104-5},
title	= {Dynamic stability of weakly damped oscillators with elastic impacts and wear},
author	= {J. Knudsen; A.R. Massih},
publisher	= {Elsevier Science},
journal	= {Journal of Sound and Vibration},
issnp	= {0022-460X},
issne	= {1095-8568},
year	= {2003},
volume	= {263},
issue	= {1},
page	= {175--204},
url =       {http://gen.lib.rus.ec/scimag/index.php?s=10.1016/s0022-460x(02)01104-5},
}

@book{book:6033,
   title =     {Differential Equations, Dynamical Systems, And Linear Algebra},
   author =    {Morris W. Hirsch, Stephen Smale},
   publisher = {Academic Press},
   isbn =      {9780080873763,9780123495501,0123495504},
   year =      {1974},
   series =    {Pure and applied mathematics a series of monographs and textbooks 60},
   edition =   {},
   volume =    {},
   url =       {http://gen.lib.rus.ec/book/index.php?md5=FA032C77A868E06BD7B8F5EE96D5A692}}
   
@book{book:72905,
   title =     {Mathematical models in biology},
   author =    {Leah Edelstein-Keshet},
   publisher = {Society for Industrial and Applied Mathematics},
   isbn =      {9780898715545,0898715547},
   year =      {2005},
   series =    {Classics in applied mathematics 46},
   edition =   {1},
   volume =    {},
   url =       {http://gen.lib.rus.ec/book/index.php?md5=FE34583D9789926F89E594E4F8C5F7DB}}
   
@article{R.-2000,
doi	= {10.1016/s0378-4371(00)00144-8},
title	= {Gradient pattern analysis of Swift–Hohenberg dynamics: phase disorder characterization},
author	= {R.R Rosa; J Pontes; C.I Christov; F.M Ramos; C.Rodrigues Neto; E.L Rempel; D Walgraef},
publisher	= {Elsevier Science},
journal	= {Physica A: Statistical Mechanics and its Applications},
issnp	= {0378-4371},
year	= {2000},
volume	= {283},
issue	= {1-2},
page	= {156--159},
url =       {http://gen.lib.rus.ec/scimag/index.php?s=10.1016/s0378-4371(00)00144-8},
}
@article{J-2006,
doi	= {10.1016/j.ijplas.2005.07.011},
title	= {On dislocation patterning: Multiple slip effects in the rate equation approach},
author	= {J. Pontes; D. Walgraef; E.C. Aifantis},
publisher	= {Elsevier Science},
journal	= {International Journal of Plasticity},
issnp	= {0749-6419},
year	= {2006},
volume	= {22},
issue	= {8},
page	= {1486--1505},
url =       {http://gen.lib.rus.ec/scimag/index.php?s=10.1016/j.ijplas.2005.07.011},
}
% =======================
% Internet
% =======================

% =======================
% Techreport
% =======================

% =======================
% Diversos
% =======================

