% =======================
% Article and Books
% =======================
@article{gmsh,
	doi	= {10.1002/nme.2579},
	title	= {Gmsh: A 3-D finite element mesh generator with built-in pre- and post-processing facilities},
	author	= {Christophe Geuzaine and Jean-François Remacle},
	publisher	= {John Wiley and Sons},
	journal	= {International Journal for Numerical Methods in Engineering},
	issnp	= {0029-5981},
	issne	= {1097-0207},
	year	= {2009},
	volume	= {79},
	issue	= {11},
	page	= {1309--1331},
}
@article{numpy,
	doi	= {10.1109/MCSE.2011.37},
	title	= {The NumPy Array: A Structure for Efficient Numerical Computation},
	author	= {Stéfan van der Walt and S. Chris Colbert and Gaël Varoquaux},
	publisher	= {AIP},
	journal	= {Computing in Science \& Engineering},
	year	= {2011},
	issue	= {13},
	page	= {22--30},
	url	= "https://www.numpy.org/",
}
@article{matplotlib,
	doi	= {10.1109/MCSE.2007.55},
	title	= {Matplotlib: A 2D Graphics Environment},
	author	= {John D. Hunter},
	publisher	= {AIP},
	journal	= {Computing in Science \& Engineering},
	year	= {2007},
	issue	= {9},
	page	= {90--95},
	url 	= "https://matplotlib.org/",
}
@book{pontes_norberto,
	title	= {Fenômenos de Transferência},
	author	= {José da Rocha Miranda Pontes and Norberto Mangiavacchi},
	publisher	= {SBM},
	year	= {2010},
	volume	= {1}
}
@book{crowe,
	title =     {Multiphase Flows with Droplets and Particles},
	author =    {Crowe, Clayton T.},
	publisher = {CRC Press},
	isbn =      {978-1-4398-4050-4,978-1-4398-4051-1},
	year =      {2011},
	%series =    {},
	edition =   {2},
	%volume =    {1}
}
@book{lewis,
	title =     {Fundamentals Of The Finite Element Method For Heat And Fluid Flow},
	author =    {R. W. Lewis and Perumal Nithiarasu and Kankanhalli Seetharamu},
	publisher = {Wiley},
	isbn =      {9780470847886,0-470-84788-3,0-470-84789-1},
	year =      {2004},
	%series =    {},
	edition =   {1},
	%volume =    {}
}
@book{paraview,
	title =     {ParaView: An End-User Tool for Large Data Visualization},
	author =    {James Ahrens and Berk Geveci and Charles Law},
	publisher = {Elsevier},
	isbn =      {978-0123875822},
	year =      {2005},
	%series =    {},
	%edition =   {1},
	note	=   "Visualization Handbook",
	%volume =    {}
}
@article{Balachandar-2010,
 doi       = {10.1146/annurev.fluid.010908.165243},
 title     = {Turbulent Dispersed Multiphase Flow},
 author    = {Balachandar, S.; Eaton, John K.},
 publisher = {Annual Reviews},
 journal   = {Annual Review of Fluid Mechanics},
 issn      = {0066-4189,1545-4479},
 year      = {2010},
 volume    = {42},
 issue     = {1},
 pages     = {111--133},
 url       = {/scimag/10.1146\%2Fannurev.fluid.010908.165243}
}
@article{Elghobashi-1991,
 doi       = {10.1007/bf02008202},
 title     = {Particle-laden turbulent flows: direct simulation and closure models},
 author    = {S. Elghobashi},
 publisher = {Springer},
 journal   = {Flow, Turbulence and Combustion},
 issn      = {1386-6184,1573-1987},
 year      = {1991},
 volume    = {48},
 issue     = {3-4},
 pages     = {301--314},
 url       = {/scimag/10.1007\%2Fbf02008202}
}
@article{Elghobashi-1994,
 doi       = {10.1007/bf00936835},
 title     = {On predicting particle-laden turbulent flows},
 author    = {S. Elghobashi},
 publisher = {Springer},
 journal   = {Flow, Turbulence and Combustion},
 issn      = {1386-6184,1573-1987},
 year      = {1994},
 volume    = {52},
 issue     = {4},
 pages     = {309--329},
 url       = {/scimag/10.1007\%2Fbf00936835}
}
@article{Baker-1965,
title = {FLOW-REGIME TRANSITIONS AT ELEVATED PRESSURES IN VERTICAL TWO-PHASE FLOW},
author = {Baker, J.L.L.},
abstractNote = {},
doi = {10.2172/4533847},
journal = {},
number = ,
volume = ,
place = {United States},
year = {1965},
month = {9}
}
@book{ShaoLeeSoo-1999,
   title =     {Instrumentation for Fluid-Particle Flow},
   author =    {Shao Lee Soо},
   publisher = {Noyes Publications},
   isbn =      {0-8155-1433-6},
   year =      {1999},
   series =    {},
   edition =   {},
   volume =    {1}
}
% =======================
% Internet
% =======================

% =======================
% Techreport
% =======================

% =======================
% Diversos
% =======================
@phdthesis{gustavo,
	author		= "Gustavo Rabello dos Anjos",
	title		= "Hydrodynamics FIeld Solution of electrochemical Cells Through Finite Element Method.",
	school		= "Federal University of Rio de Janeiro, Brazil",
	%address	= "",
	year		= "2007",
	%month		= "",
	%keywords	= "",
	note		= "Metallurgical and Materials Engineering",
}
@manual{python,
	title		= "Python Language Reference",
	author		= "Guido van Rossum",
	organization	= "Python Software Foundation",
	url		= "https://www.python.org",
	edition		= "version 3.5",
	year		= "1995--",
	%month		= "",
	%note		= "",
}
@Misc{scipy,
	author =    {Eric Jones and Travis Oliphant and Pearu Peterson and others},
	title =     {{SciPy}: Open source scientific tools for {Python}},
	year =      {2001--},
	url = "https://www.scipy.org/",
	%note = {[Online; accessed <today>]}
}
